@article{Bond2006,
  author    = {T. C. Bond and R. W. Bergstrom},
  title     = {Light absorption by carbonaceous particles: an investigative review},
  journal   = {Aerosol Science and Technology},
  year      = {2006},
  volume    = {40},
  pages     = {27--67},
}

@article{Bond2004,
  author    = {T. C. Bond and D. G. Streets and K. F. Yarber and et al.},
  title     = {A technology-based global inventory of black and organic carbon emissions from combustion},
  journal   = {Journal of Geophysical Research},
  year      = {2004},
  volume    = {109},
  pages     = {D14203},
}

@article{Cao2006,
  author    = {G. L. Cao and X. Y. Zhang and F. C. Zheng},
  title     = {Inventory of black carbon and organic carbon emissions from China},
  journal   = {Atmospheric Environment},
  year      = {2006},
  volume    = {40},
  pages     = {6516--6527},
}

@article{Klimont2009,
  author    = {Z. Klimont and et al.},
  title     = {Projections of SO2, NOx and carbonaceous aerosols emissions in Asia},
  journal   = {Tellus},
  year      = {2009},
  volume    = {61B},
  pages     = {602--617},
}

@article{Lu2011,
  author    = {Z. Lu and Q. Zhang and D. G. Streets},
  title     = {Sulfur dioxide and primary carbonaceous aerosol emissions in China and India, 1996-2010},
  journal   = {Atmospheric Chemistry and Physics},
  year      = {2011},
  volume    = {11},
  pages     = {9839--9864},
}

@article{Penner1993,
  author    = {J. E. Penner and H. Eddleman and T. Novakov},
  title     = {Towards the development of a global inventory for black carbon emissions},
  journal   = {Atmospheric Environment},
  year      = {1993},
  volume    = {27 (A)},
  pages     = {1277--1295},
}

@article{Streets2003,
  author    = {D. G. Streets and T. C. Bond and G. R. Carmichael and et al.},
  title     = {An inventory of gaseous and primary aerosol emissions in Asia in the year 2000},
  journal   = {Journal of Geophysical Research},
  year      = {2003},
  volume    = {108},
  pages     = {8809},
}

@article{Streets2004a,
  author    = {D. G. Streets and T. C. Bond and T. Lee and C. Jang},
  title     = {On the future of carbonaceous aerosol emissions},
  journal   = {Journal of Geophysical Research},
  year      = {2004},
  volume    = {109},
  pages     = {D24212},
  doi       = {10.1029/2004JD004902},
}

@article{Streets2001,
  author    = {D. G. Streets and G. Shalini and S. T. Waldhoff and et al.},
  title     = {Black carbon emissions in China},
  journal   = {Atmospheric Environment},
  year      = {2001},
  volume    = {35},
  pages     = {4281--4296},
}

@article{Yao_2015,
   author = {Yao, Huajian},
   title = {A method for inversion of layered shear wavespeed azimuthal anisotropy from Rayleigh wave dispersion using the Neighborhood Algorithm},
   journal = {Earthquake Science},
   volume = {28},
   number = {1},
   pages = {59-69},
   ISSN = {1867-8777},
   year = {2015},
   type = {Journal Article},
}

@article{Zhang2009,
  author    = {Q. Zhang and D. G. Streets and G. R. Carmichael and et al.},
  title     = {Asian emissions in 2006 for the NASA INTEX-B mission},
  journal   = {Atmospheric Chemistry and Physics},
  year      = {2009},
  volume    = {9},
  pages     = {4081--4139},
}

@article{段凤魁_2007,
   author = {段凤魁 and 贺克斌 and 刘咸德 and 董树屏 and 杨复沫},
   title = {含碳气溶胶研究进展：有机碳和元素碳},
   journal = {环境工程学报},
   volume = {1},
   pages = {1-8},
   year = {2007},
   type = {Journal Article},
   key = {duan4feng4kui2 and he4ke4bin1 and liu2xian2de2 and dong3shu4ping2 and yang2fu4mo4},
}
